<?xml version="1.0" encoding="UTF-8"?><collection xmlns="http://www.loc.gov/MARC21/slim"><record><leader>00695nam--2200205-i-4500</leader><controlfield tag="001">000017793</controlfield><controlfield tag="002">20161230</controlfield><controlfield tag="005">20161230201032</controlfield><controlfield tag="008">060222s1000------------r-----000-0-eng-d</controlfield><datafield ind1=" " ind2=" " tag="020"><subfield code="a">0080215157</subfield></datafield><datafield ind1=" " ind2=" " tag="040"><subfield code="a">IFIN-HH</subfield></datafield><datafield ind1=" " ind2=" " tag="080"><subfield code="a">539.125</subfield></datafield><datafield ind1="1" ind2=" " tag="100"><subfield code="a">Ekspong, Gosta</subfield></datafield><datafield ind1="1" ind2="0" tag="245"><subfield code="a">Antinucleon-nucleon interactions</subfield><subfield code="b">Proceedings of the third european symposium held at the wenner-gren center, stockholm, july 9-13,1976</subfield><subfield code="c">Gosta ekspong, sigward nilsson (eds.)</subfield></datafield><datafield ind1=" " ind2=" " tag="260"><subfield code="a">Oxford</subfield><subfield code="b">Pergamon Press</subfield><subfield code="c">1977</subfield></datafield><datafield ind1=" " ind2=" " tag="300"><subfield code="a">XVII + 600 P</subfield></datafield><datafield ind1=" " ind2=" " tag="490"><subfield code="a">Wenner-gren Center International Symposium</subfield><subfield code="v">Volume 29</subfield></datafield><datafield ind1=" " ind2=" " tag="700"><subfield code="a">Nilsson, Sigward</subfield><subfield code="e">Ed</subfield></datafield><datafield ind1=" " ind2=" " tag="852"><subfield code="a">45779</subfield><subfield code="c">539.12</subfield></datafield><datafield ind1=" " ind2=" " tag="CAT"><subfield code="a">Sys</subfield><subfield code="c">20111205</subfield><subfield code="h">125030</subfield></datafield></record></collection>